@article{olshausen1997sparse,
  title={Sparse coding with an overcomplete basis set: A strategy employed by V1?},
  author={Olshausen, Bruno A and Field, David J},
  journal={Vision research},
  volume={37},
  number={23},
  pages={3311--3325},
  year={1997},
  publisher={Elsevier}
}
@article{hijazi2012data,
  title={Data mining techniques for the screening of age-related macular degeneration},
  author={Hijazi, Mohd Hanafi Ahmad and Coenen, Frans and Zheng, Yalin},
  journal={Knowledge-Based Systems},
  volume={29},
  pages={83--92},
  year={2012},
  publisher={Elsevier}
}
@article{zheng2012automated,
  title={Automated “disease/no disease” grading of age-related macular degeneration by an image mining approach},
  author={Zheng, Yalin and Hijazi, Mohd Hanafi Ahmad and Coenen, Frans},
  journal={Investigative ophthalmology \& visual science},
  volume={53},
  number={13},
  pages={8310--8318},
  year={2012},
  publisher={The Association for Research in Vision and Ophthalmology}
}
@article{liu2011automated,
  title={Automated macular pathology diagnosis in retinal OCT images using multi-scale spatial pyramid and local binary patterns in texture and shape encoding},
  author={Liu, Yu-Ying and Chen, Mei and Ishikawa, Hiroshi and Wollstein, Gadi and Schuman, Joel S and Rehg, James M},
  journal={Medical image analysis},
  volume={15},
  number={5},
  pages={748--759},
  year={2011},
  publisher={Elsevier}
}
@inproceedings{zhang2009learning,
  title={Learning non-redundant codebooks for classifying complex objects},
  author={Zhang, Wei and Surve, Akshat and Fern, Xiaoli and Dietterich, Thomas},
  booktitle={Proceedings of the 26th Annual International Conference on Machine Learning},
  pages={1241--1248},
  year={2009},
  organization={ACM}
}
@inproceedings{lian2010probabilistic,
  title={Probabilistic models for supervised dictionary learning},
  author={Lian, Xiao-Chen and Li, Zhiwei and Wang, Changhu and Lu, Bao-Liang and Zhang, Lei},
  booktitle={Computer Vision and Pattern Recognition (CVPR), 2010 IEEE Conference on},
  pages={2305--2312},
  year={2010},
  organization={IEEE}
}
@article{lazebnik2009supervised,
  title={Supervised learning of quantizer codebooks by information loss minimization},
  author={Lazebnik, Svetlana and Raginsky, Maxim},
  journal={IEEE transactions on pattern analysis and machine intelligence},
  volume={31},
  number={7},
  pages={1294--1309},
  year={2009},
  publisher={IEEE}
}
@article{zhang2013simultaneous,
  title={Simultaneous discriminative projection and dictionary learning for sparse representation based classification},
  author={Zhang, Haichao and Zhang, Yanning and Huang, Thomas S},
  journal={Pattern Recognition},
  volume={46},
  number={1},
  pages={346--354},
  year={2013},
  publisher={Elsevier}
}
@article{gangeh2013kernelized,
  title={Kernelized supervised dictionary learning},
  author={Gangeh, Mehrdad J and Ghodsi, Ali and Kamel, Mohamed S},
  journal={IEEE Transactions on Signal Processing},
  volume={61},
  number={19},
  pages={4753--4767},
  year={2013},
  publisher={IEEE}
}
@techreport{rodriguez2008sparse,
  title={Sparse representations for image classification: Learning discriminative and reconstructive non-parametric dictionaries},
  author={Rodriguez, Fernando and Sapiro, Guillermo},
  year={2008},
  institution={DTIC Document}
}
@inproceedings{huang2006sparse,
  title={Sparse representation for signal classification},
  author={Huang, Ke and Aviyente, Selin},
  booktitle={NIPS},
  volume={19},
  pages={609--616},
  year={2006}
}
@inproceedings{yang2011fisher,
  title={Fisher discrimination dictionary learning for sparse representation},
  author={Yang, Meng and Zhang, Lei and Feng, Xiangchu and Zhang, David},
  booktitle={Computer Vision (ICCV), 2011 IEEE International Conference on},
  pages={543--550},
  year={2011},
  organization={IEEE}
}
@inproceedings{yang2008unifying,
  title={Unifying discriminative visual codebook generation with classifier training for object category recognition},
  author={Yang, Liu and Jin, Rong and Sukthankar, Rahul and Jurie, Frederic},
  booktitle={Computer Vision and Pattern Recognition, 2008. CVPR 2008. IEEE Conference on},
  pages={1--8},
  year={2008},
  organization={IEEE}
}
@inproceedings{pham2008joint,
  title={Joint learning and dictionary construction for pattern recognition},
  author={Pham, Duc-Son and Venkatesh, Svetha},
  booktitle={Computer Vision and Pattern Recognition, 2008. CVPR 2008. IEEE Conference on},
  pages={1--8},
  year={2008},
  organization={IEEE}
}
@inproceedings{zhang2010discriminative,
  title={Discriminative K-SVD for dictionary learning in face recognition},
  author={Zhang, Qiang and Li, Baoxin},
  booktitle={Computer Vision and Pattern Recognition (CVPR), 2010 IEEE Conference on},
  pages={2691--2698},
  year={2010},
  organization={IEEE}
}
@inproceedings{mairal2008discriminative,
  title={Discriminative learned dictionaries for local image analysis},
  author={Mairal, Julien and Bach, Francis and Ponce, Jean and Sapiro, Guillermo and Zisserman, Andrew},
  booktitle={Computer Vision and Pattern Recognition, 2008. CVPR 2008. IEEE Conference on},
  pages={1--8},
  year={2008},
  organization={IEEE}
}
@inproceedings{winn2005object,
  title={Object categorization by learned universal visual dictionary},
  author={Winn, John and Criminisi, Antonio and Minka, Thomas},
  booktitle={Computer Vision, 2005. ICCV 2005. Tenth IEEE International Conference on},
  volume={2},
  pages={1800--1807},
  year={2005},
  organization={IEEE}
}
@article{fulkerson2008localizing,
  title={Localizing objects with smart dictionaries},
  author={Fulkerson, Brian and Vedaldi, Andrea and Soatto, Stefano},
  journal={Computer Vision--ECCV 2008},
  pages={179--192},
  year={2008},
  publisher={Springer}
}
@inproceedings{yang2010metaface,
  title={Metaface learning for sparse representation based face recognition},
  author={Yang, Meng and Zhang, Lei and Yang, Jian and Zhang, David},
  booktitle={Image Processing (ICIP), 2010 17th IEEE International Conference on},
  pages={1601--1604},
  year={2010},
  organization={IEEE}
}
@article{gangeh2015supervised,
  title={Supervised dictionary learning and sparse representation-a review},
  author={Gangeh, Mehrdad J and Farahat, Ahmed K and Ghodsi, Ali and Kamel, Mohamed S},
  journal={arXiv preprint arXiv:1502.05928},
  year={2015}
}
@inproceedings{carneiro2015unregistered,
  title={Unregistered multiview mammogram analysis with pre-trained deep learning models},
  author={Carneiro, Gustavo and Nascimento, Jacinto and Bradley, Andrew P},
  booktitle={International Conference on Medical Image Computing and Computer-Assisted Intervention},
  pages={652--660},
  year={2015},
  organization={Springer}
}
@inproceedings{schlegl2014unsupervised,
  title={Unsupervised pre-training across image domains improves lung tissue classification},
  author={Schlegl, Thomas and Ofner, Joachim and Langs, Georg},
  booktitle={International MICCAI Workshop on Medical Computer Vision},
  pages={82--93},
  year={2014},
  organization={Springer}
}
@article{wangtransfer,
  title={Transfer ImageNet for Medical Image Analyzing Using Unsupervised Learning},
  author={Wang, Ning and Chu, Peng}
}
@inproceedings{li2014medical,
  title={Medical image classification with convolutional neural network},
  author={Li, Qing and Cai, Weidong and Wang, Xiaogang and Zhou, Yun and Feng, David Dagan and Chen, Mei},
  booktitle={Control Automation Robotics \& Vision (ICARCV), 2014 13th International Conference on},
  pages={844--848},
  year={2014},
  organization={IEEE}
}
@article{shin2016deep,
  title={Deep convolutional neural networks for computer-aided detection: CNN architectures, dataset characteristics and transfer learning},
  author={Shin, Hoo-Chang and Roth, Holger R and Gao, Mingchen and Lu, Le and Xu, Ziyue and Nogues, Isabella and Yao, Jianhua and Mollura, Daniel and Summers, Ronald M},
  journal={IEEE transactions on medical imaging},
  volume={35},
  number={5},
  pages={1285--1298},
  year={2016},
  publisher={IEEE}
}
@article{tajbakhsh2016convolutional,
  title={Convolutional neural networks for medical image analysis: full training or fine tuning?},
  author={Tajbakhsh, Nima and Shin, Jae Y and Gurudu, Suryakanth R and Hurst, R Todd and Kendall, Christopher B and Gotway, Michael B and Liang, Jianming},
  journal={IEEE transactions on medical imaging},
  volume={35},
  number={5},
  pages={1299--1312},
  year={2016},
  publisher={IEEE}
}
@inproceedings{papandreou2015weakly,
  title={Weakly-and semi-supervised learning of a deep convolutional network for semantic image segmentation},
  author={Papandreou, George and Chen, Liang-Chieh and Murphy, Kevin P and Yuille, Alan L},
  booktitle={Proceedings of the IEEE International Conference on Computer Vision},
  pages={1742--1750},
  year={2015}
}
@article{wei2016stc,
  title={STC: A simple to complex framework for weakly-supervised semantic segmentation},
  author={Wei, Yunchao and Liang, Xiaodan and Chen, Yunpeng and Shen, Xiaohui and Cheng, Ming-Ming and Feng, Jiashi and Zhao, Yao and Yan, Shuicheng},
  journal={IEEE Transactions on Pattern Analysis and Machine Intelligence},
  year={2016},
  publisher={IEEE}
}
@inproceedings{oquab2015object,
  title={Is object localization for free?-weakly-supervised learning with convolutional neural networks},
  author={Oquab, Maxime and Bottou, L{\'e}on and Laptev, Ivan and Sivic, Josef},
  booktitle={Proceedings of the IEEE Conference on Computer Vision and Pattern Recognition},
  pages={685--694},
  year={2015}
}
@article{pathak2014fully,
  title={Fully convolutional multi-class multiple instance learning},
  author={Pathak, Deepak and Shelhamer, Evan and Long, Jonathan and Darrell, Trevor},
  journal={arXiv preprint arXiv:1412.7144},
  year={2014}
}
@inproceedings{hong2015decoupled,
  title={Decoupled deep neural network for semi-supervised semantic segmentation},
  author={Hong, Seunghoon and Noh, Hyeonwoo and Han, Bohyung},
  booktitle={Advances in Neural Information Processing Systems},
  pages={1495--1503},
  year={2015}
}
@inproceedings{long2015fully,
  title={Fully convolutional networks for semantic segmentation},
  author={Long, Jonathan and Shelhamer, Evan and Darrell, Trevor},
  booktitle={Proceedings of the IEEE Conference on Computer Vision and Pattern Recognition},
  pages={3431--3440},
  year={2015}
}
@inproceedings{chang2011co,
  title={From co-saliency to co-segmentation: An efficient and fully unsupervised energy minimization model},
  author={Chang, Kai-Yueh and Liu, Tyng-Luh and Lai, Shang-Hong},
  booktitle={Computer Vision and Pattern Recognition (CVPR), 2011 IEEE Conference on},
  pages={2129--2136},
  year={2011},
  organization={IEEE}
}
@inproceedings{donoser2009saliency,
  title={Saliency driven total variation segmentation},
  author={Donoser, Michael and Urschler, Martin and Hirzer, Martin and Bischof, Horst},
  booktitle={Computer Vision, 2009 IEEE 12th International Conference on},
  pages={817--824},
  year={2009},
  organization={IEEE}
}
@article{yang2008unsupervised,
  title={Unsupervised segmentation of natural images via lossy data compression},
  author={Yang, Allen Y and Wright, John and Ma, Yi and Sastry, S Shankar},
  journal={Computer Vision and Image Understanding},
  volume={110},
  number={2},
  pages={212--225},
  year={2008},
  publisher={Elsevier}
}
@article{han2006unsupervised,
  title={Unsupervised extraction of visual attention objects in color images},
  author={Han, Junwei and Ngan, King Ngi and Li, Mingjing and Zhang, Hong-Jiang},
  journal={IEEE Transactions on Circuits and Systems for Video Technology},
  volume={16},
  number={1},
  pages={141--145},
  year={2006},
  publisher={IEEE}
}
@article{yang2017top,
  title={Top-down visual saliency via joint CRF and dictionary learning},
  author={Yang, Jimei and Yang, Ming-Hsuan},
  journal={IEEE transactions on pattern analysis and machine intelligence},
  volume={39},
  number={3},
  pages={576--588},
  year={2017},
  publisher={IEEE}
}
@article{afzali2016medical,
  title={Medical image registration using sparse coding of image patches},
  author={Afzali, Maryam and Ghaffari, Aboozar and Fatemizadeh, Emad and Soltanian-Zadeh, Hamid},
  journal={Computers in biology and medicine},
  volume={73},
  pages={56--70},
  year={2016},
  publisher={Elsevier}
}
@article{wang2015predict,
  title={Predict brain MR image registration via sparse learning of appearance and transformation},
  author={Wang, Qian and Kim, Minjeong and Shi, Yonghong and Wu, Guorong and Shen, Dinggang and Alzheimer’s Disease Neuroimaging Initiative and others},
  journal={Medical image analysis},
  volume={20},
  number={1},
  pages={61--75},
  year={2015},
  publisher={Elsevier}
}
@article{oliveira2014medical,
  title={Medical image registration: a review},
  author={Oliveira, Francisco PM and Tavares, Joao Manuel RS},
  journal={Computer methods in biomechanics and biomedical engineering},
  volume={17},
  number={2},
  pages={73--93},
  year={2014},
  publisher={Taylor \& Francis}
}
@article{savastano2014differential,
  title={Differential Vulnerability of Retinal Layers to Early Age-Related Macular Degeneration: Evidence by SD-OCT Segmentation AnalysisPostreceptoral Abnormalities in Early AMD},
  author={Savastano, Maria Cristina and Minnella, Angelo Maria and Tamburrino, Antonello and Giovinco, Gaspare and Ventre, Salvatore and Falsini, Benedetto},
  journal={Investigative ophthalmology \& visual science},
  volume={55},
  number={1},
  pages={560--566},
  year={2014},
  publisher={The Association for Research in Vision and Ophthalmology}
}
@article{antony2013combined,
  title={A combined machine-learning and graph-based framework for the segmentation of retinal surfaces in SD-OCT volumes},
  author={Antony, Bhavna J and Abr{\`a}moff, Michael D and Harper, Matthew M and Jeong, Woojin and Sohn, Elliott H and Kwon, Young H and Kardon, Randy and Garvin, Mona K},
  journal={Biomedical optics express},
  volume={4},
  number={12},
  pages={2712--2728},
  year={2013},
  publisher={Optical Society of America}
}
@article{kanungo2002efficient,
  title={An efficient k-means clustering algorithm: Analysis and implementation},
  author={Kanungo, Tapas and Mount, David M and Netanyahu, Nathan S and Piatko, Christine D and Silverman, Ruth and Wu, Angela Y},
  journal={IEEE transactions on pattern analysis and machine intelligence},
  volume={24},
  number={7},
  pages={881--892},
  year={2002},
  publisher={IEEE}
}
@inproceedings{klare2010heterogeneous,
  title={Heterogeneous face recognition: Matching nir to visible light images},
  author={Klare, Brendan and Jain, Anil K},
  booktitle={Pattern Recognition (ICPR), 2010 20th International Conference on},
  pages={1513--1516},
  year={2010},
  organization={IEEE}
}
@inproceedings{dong2014learning,
  title={Learning a deep convolutional network for image super-resolution},
  author={Dong, Chao and Loy, Chen Change and He, Kaiming and Tang, Xiaoou},
  booktitle={European Conference on Computer Vision},
  pages={184--199},
  year={2014},
  organization={Springer}
}
@article{dong2013nonlocally,
  title={Nonlocally centralized sparse representation for image restoration},
  author={Dong, Weisheng and Zhang, Lei and Shi, Guangming and Li, Xin},
  journal={IEEE Transactions on Image Processing},
  volume={22},
  number={4},
  pages={1620--1630},
  year={2013},
  publisher={IEEE}
}
@article{elad2006image,
  title={Image denoising via sparse and redundant representations over learned dictionaries},
  author={Elad, Michael and Aharon, Michal},
  journal={IEEE Transactions on Image processing},
  volume={15},
  number={12},
  pages={3736--3745},
  year={2006},
  publisher={IEEE}
}
@inproceedings{zhang2010discriminative,
  title={Discriminative K-SVD for dictionary learning in face recognition},
  author={Zhang, Qiang and Li, Baoxin},
  booktitle={Computer Vision and Pattern Recognition (CVPR), 2010 IEEE Conference on},
  pages={2691--2698},
  year={2010},
  organization={IEEE}
}
@article{gao2010kernel,
  title={Kernel sparse representation for image classification and face recognition},
  author={Gao, Shenghua and Tsang, Ivor and Chia, Liang-Tien},
  journal={Computer Vision--ECCV 2010},
  pages={1--14},
  year={2010},
  publisher={Springer}
}
@article{wright2009robust,
  title={Robust face recognition via sparse representation},
  author={Wright, John and Yang, Allen Y and Ganesh, Arvind and Sastry, S Shankar and Ma, Yi},
  journal={IEEE transactions on pattern analysis and machine intelligence},
  volume={31},
  number={2},
  pages={210--227},
  year={2009},
  publisher={IEEE}
}
@book{trefethen1997numerical,
  title={Numerical linear algebra},
  author={Trefethen, Lloyd N and Bau III, David},
  volume={50},
  year={1997},
  publisher={Siam}
}
@article{dabov2007image,
  title={Image denoising by sparse 3-D transform-domain collaborative filtering},
  author={Dabov, Kostadin and Foi, Alessandro and Katkovnik, Vladimir and Egiazarian, Karen},
  journal={IEEE Transactions on image processing},
  volume={16},
  number={8},
  pages={2080--2095},
  year={2007},
  publisher={IEEE}
}
@article{sun2017fully,
  title={Fully automated macular pathology detection in retina optical coherence tomography images using sparse coding and dictionary learning},
  author={Sun, Yankui and Li, Shan and Sun, Zhongyang},
  journal={Journal of biomedical optics},
  volume={22},
  number={1},
  pages={016012--016012},
  year={2017},
  publisher={International Society for Optics and Photonics}
}
@article{liu2011automated,
  title={Automated macular pathology diagnosis in retinal OCT images using multi-scale spatial pyramid and local binary patterns in texture and shape encoding},
  author={Liu, Yu-Ying and Chen, Mei and Ishikawa, Hiroshi and Wollstein, Gadi and Schuman, Joel S and Rehg, James M},
  journal={Medical image analysis},
  volume={15},
  number={5},
  pages={748--759},
  year={2011},
  publisher={Elsevier}
}
@article{bhagat2009diabetic,
  title={Diabetic macular edema: pathogenesis and treatment},
  author={Bhagat, Neelakshi and Grigorian, Ruben A and Tutela, Arthur and Zarbin, Marco A},
  journal={Survey of ophthalmology},
  volume={54},
  number={1},
  pages={1--32},
  year={2009},
  publisher={Elsevier}
}
@book{coscas2009optical,
  title={Optical coherence tomography in age-related macular degeneration},
  author={Coscas, Gabriel},
  year={2009},
  publisher={Springer Science \& Business Media}
}
@article{lee2007efficient,
  title={Efficient sparse coding algorithms},
  author={Lee, Honglak and Battle, Alexis and Raina, Rajat and Ng, Andrew Y},
  journal={Advances in neural information processing systems},
  volume={19},
  pages={801},
  year={2007},
  publisher={MIT; 1998}
}
@article{srinivasan2014fully,
  title={Fully automated detection of diabetic macular edema and dry age-related macular degeneration from optical coherence tomography images},
  author={Srinivasan, Pratul P and Kim, Leo A and Mettu, Priyatham S and Cousins, Scott W and Comer, Grant M and Izatt, Joseph A and Farsiu, Sina},
  journal={Biomedical optics express},
  volume={5},
  number={10},
  pages={3568--3577},
  year={2014},
  publisher={Optical Society of America}
}
@article{rubinstein2008efficient,
  title={Efficient implementation of the K-SVD algorithm using batch orthogonal matching pursuit},
  author={Rubinstein, Ron and Zibulevsky, Michael and Elad, Michael},
  journal={Cs Technion},
  volume={40},
  number={8},
  pages={1--15},
  year={2008}
}
@inproceedings{pati1993orthogonal,
  title={Orthogonal matching pursuit: Recursive function approximation with applications to wavelet decomposition},
  author={Pati, Yagyensh Chandra and Rezaiifar, Ramin and Krishnaprasad, Perinkulam Sambamurthy},
  booktitle={Signals, Systems and Computers, 1993. 1993 Conference Record of The Twenty-Seventh Asilomar Conference on},
  pages={40--44},
  year={1993},
  organization={IEEE}
}
@article{jiang2013label,
  title={Label consistent K-SVD: Learning a discriminative dictionary for recognition},
  author={Jiang, Zhuolin and Lin, Zhe and Davis, Larry S},
  journal={IEEE Transactions on Pattern Analysis and Machine Intelligence},
  volume={35},
  number={11},
  pages={2651--2664},
  year={2013},
  publisher={IEEE}
}

@article{aharon2006rm,
  title={$ rm k $-SVD: An algorithm for designing overcomplete dictionaries for sparse representation},
  author={Aharon, Michal and Elad, Michael and Bruckstein, Alfred},
  journal={IEEE Transactions on signal processing},
  volume={54},
  number={11},
  pages={4311--4322},
  year={2006},
  publisher={IEEE}
}

@inproceedings{lazebnik2006beyond,
  title={Beyond bags of features: Spatial pyramid matching for recognizing natural scene categories},
  author={Lazebnik, Svetlana and Schmid, Cordelia and Ponce, Jean},
  booktitle={Computer vision and pattern recognition, 2006 IEEE computer society conference on},
  volume={2},
  pages={2169--2178},
  year={2006},
  organization={IEEE}
}

@inproceedings{yang2009linear,
  title={Linear spatial pyramid matching using sparse coding for image classification},
  author={Yang, Jianchao and Yu, Kai and Gong, Yihong and Huang, Thomas},
  booktitle={Computer Vision and Pattern Recognition, 2009. CVPR 2009. IEEE Conference on},
  pages={1794--1801},
  year={2009},
  organization={IEEE}
}
@article{turk1991eigenfaces,
  title={Eigenfaces for recognition},
  author={Turk, Matthew and Pentland, Alex},
  journal={Journal of cognitive neuroscience},
  volume={3},
  number={1},
  pages={71--86},
  year={1991},
  publisher={MIT Press}
}

